[gd_scene load_steps=18 format=2]

[ext_resource path="res://scripts/test.gd" type="Script" id=1]
[ext_resource path="res://resources/background.png" type="Texture" id=2]
[ext_resource path="res://scripts/level_done.gd" type="Script" id=3]
[ext_resource path="res://prefabs/camera.tscn" type="PackedScene" id=4]
[ext_resource path="res://resources/lamp.png" type="Texture" id=5]
[ext_resource path="res://resources/lamp_light.png" type="Texture" id=6]

[sub_resource type="RectangleShape2D" id=1]

custom_solver_bias = 0.0
extents = Vector2( 195, 10 )

[sub_resource type="RectangleShape2D" id=2]

custom_solver_bias = 0.0
extents = Vector2( 10, 116 )

[sub_resource type="RectangleShape2D" id=3]

custom_solver_bias = 0.0
extents = Vector2( 27, 18 )

[sub_resource type="RectangleShape2D" id=4]

custom_solver_bias = 0.0
extents = Vector2( 51, 2 )

[sub_resource type="RectangleShape2D" id=5]

custom_solver_bias = 0.0
extents = Vector2( 25, 17 )

[sub_resource type="RectangleShape2D" id=6]

custom_solver_bias = 0.0
extents = Vector2( 22, 27 )

[sub_resource type="OccluderPolygon2D" id=7]

closed = true
cull_mode = 2
polygon = PoolVector2Array( 97, 37, 194, 37, 194, 33, 97, 33 )

[sub_resource type="OccluderPolygon2D" id=8]

closed = true
cull_mode = 0
polygon = PoolVector2Array( 194, 101, 194, 111, -183, 111, -183, -113, -181, -113, -181, 101 )

[sub_resource type="RectangleShape2D" id=9]

custom_solver_bias = 0.0
extents = Vector2( 5, 45 )

[sub_resource type="Animation" id=10]

resource_name = "flicker"
length = 10.0
loop = true
step = 0.1
tracks/0/type = "value"
tracks/0/path = NodePath("Light2D:energy")
tracks/0/interp = 1
tracks/0/loop_wrap = true
tracks/0/imported = false
tracks/0/enabled = true
tracks/0/keys = {
"times": PoolRealArray( 0, 2, 2.2, 2.3, 5, 5.1, 5.2, 5.3, 8, 8.1, 8.3, 8.4 ),
"transitions": PoolRealArray( 1, 1, 1, 1, 1, 1, 1, 1, 1, 1, 1, 1 ),
"update": 1,
"values": [ 1.0, 0.7, 0.4, 1.0, 0.8, 0.3, 0.5, 0.01, 0.5, 0.8, 0.5, 1.0 ]
}

[sub_resource type="Animation" id=11]

length = 5.0
loop = false
step = 0.1
tracks/0/type = "value"
tracks/0/path = NodePath(".:rotation_degrees")
tracks/0/interp = 2
tracks/0/loop_wrap = true
tracks/0/imported = false
tracks/0/enabled = true
tracks/0/keys = {
"times": PoolRealArray( 0, 2.5, 5 ),
"transitions": PoolRealArray( 1, 1, 1 ),
"update": 0,
"values": [ 3.0, -3.0, 3.0 ]
}

[node name="root" type="Node2D" index="0"]

script = ExtResource( 1 )
_sections_unfolded = [ "Transform" ]

[node name="background" type="Sprite" parent="." index="0"]

editor/display_folded = true
position = Vector2( 191, 113 )
scale = Vector2( 1.00515, 1 )
z_index = -1
texture = ExtResource( 2 )
_sections_unfolded = [ "Z Index" ]

[node name="StaticBody2D" type="StaticBody2D" parent="background" index="0"]

input_pickable = false
collision_layer = 1
collision_mask = 1
constant_linear_velocity = Vector2( 0, 0 )
constant_angular_velocity = 0.0
friction = 1.0
bounce = 0.0
__meta__ = {
"_edit_lock_": true
}

[node name="CollisionShape2D" type="CollisionShape2D" parent="background/StaticBody2D" index="0"]

position = Vector2( -1, 107 )
shape = SubResource( 1 )
__meta__ = {
"_edit_lock_": true
}

[node name="CollisionShape2D2" type="CollisionShape2D" parent="background/StaticBody2D" index="1"]

position = Vector2( -187, 2 )
shape = SubResource( 2 )

[node name="CollisionShape2D3" type="CollisionShape2D" parent="background/StaticBody2D" index="2"]

position = Vector2( 76, 83 )
shape = SubResource( 3 )

[node name="CollisionShape2D4" type="CollisionShape2D" parent="background/StaticBody2D" index="3"]

position = Vector2( 148, 35 )
shape = SubResource( 4 )

[node name="CollisionShape2D5" type="CollisionShape2D" parent="background/StaticBody2D" index="4"]

position = Vector2( 171, 17 )
shape = SubResource( 5 )

[node name="CollisionShape2D6" type="CollisionShape2D" parent="background/StaticBody2D" index="5"]

position = Vector2( 170, 70 )
shape = SubResource( 6 )

[node name="LightOccluder2D" type="LightOccluder2D" parent="background" index="1"]

occluder = SubResource( 7 )
light_mask = 1

[node name="LightOccluder2D2" type="LightOccluder2D" parent="background" index="2"]

occluder = SubResource( 8 )
light_mask = 1

[node name="Area2D" type="Area2D" parent="." index="1"]

position = Vector2( 394, 63 )
input_pickable = true
gravity_vec = Vector2( 0, 1 )
gravity = 98.0
linear_damp = 0.1
angular_damp = 1.0
collision_layer = 0
audio_bus_override = false
audio_bus_name = "Master"
script = ExtResource( 3 )
_sections_unfolded = [ "Collision" ]

[node name="CollisionShape2D" type="CollisionShape2D" parent="Area2D" index="0"]

position = Vector2( 7, 1 )
shape = SubResource( 9 )

[node name="Viewport" type="Viewport" parent="." index="2"]

arvr = false
size = Vector2( 384, 224 )
own_world = false
world = null
transparent_bg = false
msaa = 0
hdr = false
disable_3d = false
usage = 0
debug_draw = 0
render_target_v_flip = false
render_target_clear_mode = 0
render_target_update_mode = 2
audio_listener_enable_2d = false
audio_listener_enable_3d = false
physics_object_picking = false
gui_disable_input = false
gui_snap_controls_to_pixels = true
shadow_atlas_size = 0
shadow_atlas_quad_0 = 2
shadow_atlas_quad_1 = 2
shadow_atlas_quad_2 = 3
shadow_atlas_quad_3 = 4
_sections_unfolded = [ "Render Target", "Rendering" ]

[node name="Node2D" type="Node2D" parent="." index="3"]

position = Vector2( 362, 100 )

[node name="camera" parent="." index="4" instance=ExtResource( 4 )]

current = false

[node name="CanvasModulate" type="CanvasModulate" parent="." index="5"]

visible = false
color = Color( 0.278199, 0.272555, 0.328125, 1 )
_sections_unfolded = [ "Material", "Visibility" ]

[node name="lamp" type="Sprite" parent="." index="6"]

position = Vector2( 220, 28 )
texture = ExtResource( 5 )
offset = Vector2( 0, 19 )
_sections_unfolded = [ "Offset", "Pause", "Transform" ]

[node name="Light2D" type="Light2D" parent="lamp" index="0"]

position = Vector2( 0, 48 )
enabled = true
editor_only = false
texture = ExtResource( 6 )
offset = Vector2( 0, 0 )
texture_scale = 0.25
color = Color( 1, 0.949429, 0.537634, 0.44502 )
energy = 1.0
mode = 0
range_height = 0.0
range_z_min = -1024
range_z_max = 1024
range_layer_min = 0
range_layer_max = 0
range_item_cull_mask = 1
shadow_enabled = true
shadow_color = Color( 0, 0, 0, 0 )
shadow_buffer_size = 2048
shadow_gradient_length = 0.0
shadow_filter = 0
shadow_filter_smooth = 0.0
shadow_item_cull_mask = 1
_sections_unfolded = [ "Transform" ]
__meta__ = {
"_edit_lock_": true
}

[node name="AnimationPlayer" type="AnimationPlayer" parent="lamp" index="1"]

root_node = NodePath("..")
autoplay = "flicker"
playback_process_mode = 1
playback_default_blend_time = 0.0
playback_speed = 1.0
anims/flicker = SubResource( 10 )
anims/idle = SubResource( 11 )
blend_times = [  ]


